@book{bkspcr,
	author = {Cohen, J., Teleki, S. and Brown, E.},
	title = {{Best Kept Secrets of Peer Code Review}},
	publisher = "Smart Bear Inc.",
	year = {2006}		
}
